@article{Zhao_2019, title={iForest: Interpreting Random Forests via Visual Analytics}, volume={25}, ISSN={2160-9306}, url={http://dx.doi.org/10.1109/TVCG.2018.2864475}, DOI={10.1109/tvcg.2018.2864475}, number={1}, journal={IEEE Transactions on Visualization and Computer Graphics}, publisher={Institute of Electrical and Electronics Engineers (IEEE)}, author={Zhao, Xun and Wu, Yanhong and Lee, Dik Lun and Cui, Weiwei}, year={2019}, month=jan, pages={407–416} }

@inproceedings{Tan_2020, series={FODS ’20}, title={Tree Space Prototypes: Another Look at Making Tree Ensembles Interpretable}, url={http://dx.doi.org/10.1145/3412815.3416893}, DOI={10.1145/3412815.3416893}, booktitle={Proceedings of the 2020 ACM-IMS on Foundations of Data Science Conference}, publisher={ACM}, author={Tan, Sarah and Soloviev, Matvey and Hooker, Giles and Wells, Martin T.}, year={2020}, month=oct, collection={FODS ’20} }

@article{plumb2018model,
  title={Model agnostic supervised local explanations},
  author={Plumb, Gregory and Molitor, Denali and Talwalkar, Ameet S},
  journal={Advances in neural information processing systems},
  volume={31},
  year={2018}
}

@article{Stepisnik_2020, title={Option predictive clustering trees for multi-target regression}, volume={17}, ISSN={2406-1018}, url={http://dx.doi.org/10.2298/CSIS190928006S}, DOI={10.2298/csis190928006s}, number={2}, journal={Computer Science and Information Systems}, publisher={National Library of Serbia}, author={Stepisnik, Tomaz and Osojnik, Aljaz and Dzeroski, Saso and Kocev, Dragi}, year={2020}, pages={459–486} }

@article{Stepi_nik_2021, title={Oblique predictive clustering trees}, volume={227}, ISSN={0950-7051}, url={http://dx.doi.org/10.1016/j.knosys.2021.107228}, DOI={10.1016/j.knosys.2021.107228}, journal={Knowledge-Based Systems}, publisher={Elsevier BV}, author={Stepišnik, Tomaž and Kocev, Dragi}, year={2021}, month=sep, pages={107228} }

@article{Kocev_2013, title={Tree ensembles for predicting structured outputs}, volume={46}, ISSN={0031-3203}, url={http://dx.doi.org/10.1016/j.patcog.2012.09.023}, DOI={10.1016/j.patcog.2012.09.023}, number={3}, journal={Pattern Recognition}, publisher={Elsevier BV}, author={Kocev, Dragi and Vens, Celine and Struyf, Jan and Džeroski, Sašo}, year={2013}, month=mar, pages={817–833} }

@article{Andonovikj_2024, title={Survival analysis as semi-supervised multi-target regression for time-to-employment prediction using oblique predictive clustering trees}, volume={235}, ISSN={0957-4174}, url={http://dx.doi.org/10.1016/j.eswa.2023.121246}, DOI={10.1016/j.eswa.2023.121246}, journal={Expert Systems with Applications}, publisher={Elsevier BV}, author={Andonovikj, Viktor and Boškoski, Pavle and Džeroski, Sašo and Boshkoska, Biljana Mileva}, year={2024}, month=jan, pages={121246} }

@article{Blei_2017, title={Variational Inference: A Review for Statisticians}, volume={112}, ISSN={1537-274X}, url={http://dx.doi.org/10.1080/01621459.2017.1285773}, DOI={10.1080/01621459.2017.1285773}, number={518}, journal={Journal of the American Statistical Association}, publisher={Informa UK Limited}, author={Blei, David M. and Kucukelbir, Alp and McAuliffe, Jon D.}, year={2017}, month=apr, pages={859–877} }

@article{brentnall2018use,
	doi = {10.1177/0962280216680245},year = 2016,
	month = {dec},
	publisher = {{SAGE} Publications},
	volume = {27},
	number = {8},
	pages = {2359--2373},
	author = {Adam R Brentnall and Jack Cuzick},
	title = {Use of the concordance index for predictors of censored survival data},
	journal = {Stat Methods Med Res}
}

@article{gerds2006consistent,
	doi = {10.1002/bimj.200610301},year = 2006,
	month = {dec},
	publisher = {Wiley},
	volume = {48},
	number = {6},
	pages = {1029--1040},
	author = {Thomas A. Gerds and Martin Schumacher},
	title = {Consistent Estimation of the Expected Brier Score in General Survival Models with Right-Censored Event Times},
	journal = {Biom. J.}
}

@article{trickbrier,
  title={The Brier score under administrative censoring: problems and a solution},
  author={Kvamme, H{\aa}vard and Borgan, {\O}rnulf},
  journal={Journal of Machine Learning Research},
  volume={24},
  number={2},
  pages={1--26},
  year={2023}
}

@book{elstatl,
  title={The elements of statistical learning: data mining, inference, and prediction},
  author={Hastie, Trevor and Tibshirani, Robert and Friedman, Jerome H and Friedman, Jerome H},
  volume={2},
  year={2009},
  publisher={Springer}
}

@article{kingma2014adam,
  title={Adam: A method for stochastic optimization},
  author={Kingma, Diederik P and Ba, Jimmy},
  journal={arXiv preprint arXiv:1412.6980},
  year={2014}
}

@article{hoffman2013stochastic,
  title={Stochastic variational inference},
  author={Hoffman, Matthew D and Blei, David M and Wang, Chong and Paisley, John},
  journal={Journal of Machine Learning Research},
  year={2013}
}

@inproceedings{sashank2018convergence,
  title={On the convergence of adam and beyond},
  author={Sashank, J Reddi and Satyen, Kale and Sanjiv, Kumar},
  booktitle={International conference on learning representations},
  volume={5},
  number={7},
  year={2018}
}

@Manual{survival-package,
  title = {A Package for Survival Analysis in R},
  author = {Terry M. Therneau},
  year = {2017},
  url = {https://CRAN.R-project.org/package=survival},
  key = {survival-package}
}

@book{murphy2023probabilistic,
  title={Probabilistic machine learning: Advanced topics},
  author={Murphy, Kevin P},
  year={2023},
  publisher={MIT press}
}

@article{bernardo2003variational,
  title={The variational Bayesian EM algorithm for incomplete data: with application to scoring graphical model structures},
  author={Bernardo, JM and Bayarri, MJ and Berger, JO and Dawid, AP and Heckerman, D and Smith, AFM and West, M and others},
  journal={Bayesian statistics},
  volume={7},
  number={453-464},
  pages={210},
  year={2003}
}

@inproceedings{gershman2014amortized,
  title={Amortized inference in probabilistic reasoning},
  author={Gershman, Samuel and Goodman, Noah},
  booktitle={Proceedings of the annual meeting of the cognitive science society},
  volume={36},
  number={36},
  year={2014}
}

@inproceedings{le2017inference,
  title={Inference compilation and universal probabilistic programming},
  author={Le, Tuan Anh and Baydin, Atilim Gunes and Wood, Frank},
  booktitle={Artificial Intelligence and Statistics},
  pages={1338--1348},
  year={2017},
  organization={PMLR}
}

@inproceedings{kim2018semi,
  title={Semi-amortized variational autoencoders},
  author={Kim, Yoon and Wiseman, Sam and Miller, Andrew and Sontag, David and Rush, Alexander},
  booktitle={International Conference on Machine Learning},
  pages={2678--2687},
  year={2018},
  organization={PMLR}
}

@misc{openml,
  author       = {{OpenML}},
  title        = {OpenML},
  howpublished = {\url{https://www.openml.org}},
  note         = {Accessed: 2020-04-15}
}

@misc{mulan,
  author  = {{Mulan}},
  title        = {Mulan: A java library for multi-label learning},
  howpublished = {\url{http://mulan.sourceforge.net/datasets.html}},
  note         = {Accessed: 2020-04-15}
}

@article{Breiman_2001, volume={45}, ISSN={0885-6125}, url={http://dx.doi.org/10.1023/A:1010933404324}, DOI={10.1023/a:1010933404324}, number={1}, journal={Machine Learning}, publisher={Springer Science and Business Media LLC}, author={Breiman, Leo}, year={2001}, pages={5–32} }

@article{Kocev_2020, title={Ensembles of extremely randomized predictive clustering trees for predicting structured outputs}, volume={109}, ISSN={1573-0565}, url={http://dx.doi.org/10.1007/s10994-020-05894-4}, DOI={10.1007/s10994-020-05894-4}, number={11}, journal={Machine Learning}, publisher={Springer Science and Business Media LLC}, author={Kocev, Dragi and Ceci, Michelangelo and Stepišnik, Tomaž}, year={2020}, month=aug, pages={2213–2241} }

@article{Friedman_2001, title={Greedy function approximation: A gradient boosting machine.}, volume={29}, ISSN={0090-5364}, url={http://dx.doi.org/10.1214/aos/1013203451}, DOI={10.1214/aos/1013203451}, number={5}, journal={The Annals of Statistics}, publisher={Institute of Mathematical Statistics}, author={Friedman, Jerome H.}, year={2001}, month=oct }

@article{Bo_koski_2021, title={Variational Bayes survival analysis for unemployment modelling}, volume={229}, ISSN={0950-7051}, url={http://dx.doi.org/10.1016/j.knosys.2021.107335}, DOI={10.1016/j.knosys.2021.107335}, journal={Knowledge-Based Systems}, publisher={Elsevier BV}, author={Boškoski, Pavle and Perne, Matija and Rameša, Martina and Boshkoska, Biljana Mileva}, year={2021}, month=oct, pages={107335} }

@article{lopez2023informative,
  title={Informative Priors Improve the Reliability of Multimodal Clinical Data Classification},
  author={Lopez, L and Rudner, Tim GJ and Shamout, Farah E},
  journal={arXiv preprint arXiv:2312.00794},
  year={2023}
}

@article{guyon2003introduction,
  title={An introduction to variable and feature selection},
  author={Guyon, Isabelle and Elisseeff, Andr{\'e}},
  journal={Journal of machine learning research},
  volume={3},
  number={Mar},
  pages={1157--1182},
  year={2003}
}

@article{Abbas_2024, title={Fractional analysis of unsteady magnetohydrodynamics Jeffrey flow over an infinite vertical plate in the presence of Hall current}, volume={48}, ISSN={1099-1476}, url={http://dx.doi.org/10.1002/mma.10326}, DOI={10.1002/mma.10326}, number={1}, journal={Mathematical Methods in the Applied Sciences}, publisher={Wiley}, author={Abbas, Shajar and Nazar, Mudassar}, year={2024}, month=jul, pages={253–272} }

@article{Abbas_2025, title={Artificial neural network analysis of heat and mass transfer in fractional Casson flow}, volume={69}, ISSN={2214-157X}, url={http://dx.doi.org/10.1016/j.csite.2025.105946}, DOI={10.1016/j.csite.2025.105946}, journal={Case Studies in Thermal Engineering}, publisher={Elsevier BV}, author={Abbas, Shajar and Ahmad, Mushtaq and Nazar, Mudassar and Saleem, S. and Isyanov, Ravil and Aljedani, Jabr and Garalleh, Hakim AL}, year={2025}, month=may, pages={105946} }

@article{Ramzan_2025, title={Mathematical analysis of Prandtl number with Artificial neural network and fractional operator for nanofluid flow}, volume={71}, ISSN={2214-157X}, url={http://dx.doi.org/10.1016/j.csite.2025.106164}, DOI={10.1016/j.csite.2025.106164}, journal={Case Studies in Thermal Engineering}, publisher={Elsevier BV}, author={Ramzan, Muhammad and Shafique, Ahmad and Abbas, Shajar and Ali, Rifaqat and Lamoudan, Tarik and Jan, Rashid and Norberdiyeva, Muyassar and Turabova, Bakhora and Garalleh, Hakim AL}, year={2025}, month=jul, pages={106164} }

@article{Abbas_2025_2, title={Fractional magnetohydrodynamic Casson fluid flow with thermal radiation and buoyancy effects: a constant proportional Caputo model}, volume={2025}, ISSN={1687-2770}, url={http://dx.doi.org/10.1186/s13661-025-02036-4}, DOI={10.1186/s13661-025-02036-4}, number={1}, journal={Boundary Value Problems}, publisher={Springer Science and Business Media LLC}, author={Abbas, Shajar and Inam, Inamullah and Alharthi, Aiedh Mrisi and AL-Khasawneh, Mohamad Ahmed Saleem and Az-Zo’bi, Emad A. and Garalleh, Hakim AL}, year={2025}, month=mar }

@article{Andonovikj_2022, title={Community analysis in Slovenian labour network 2010-2020}, volume={31}, ISSN={2116-7052}, url={http://dx.doi.org/10.1080/12460125.2022.2070944}, DOI={10.1080/12460125.2022.2070944}, number={sup1}, journal={Journal of Decision Systems}, publisher={Informa UK Limited}, author={Andonovikj, Viktor and Boskoski, Pavle and Evkoski, Bojan and Redek, Tjaša and Mileva Boshkoska, Biljana}, year={2022}, month=may, pages={308–318} }