@article{Zhao_2019, title={iForest: Interpreting Random Forests via Visual Analytics}, volume={25}, ISSN={2160-9306}, url={http://dx.doi.org/10.1109/TVCG.2018.2864475}, DOI={10.1109/tvcg.2018.2864475}, number={1}, journal={IEEE Transactions on Visualization and Computer Graphics}, publisher={Institute of Electrical and Electronics Engineers (IEEE)}, author={Zhao, Xun and Wu, Yanhong and Lee, Dik Lun and Cui, Weiwei}, year={2019}, month=jan, pages={407–416} }

@inproceedings{Tan_2020, series={FODS ’20}, title={Tree Space Prototypes: Another Look at Making Tree Ensembles Interpretable}, url={http://dx.doi.org/10.1145/3412815.3416893}, DOI={10.1145/3412815.3416893}, booktitle={Proceedings of the 2020 ACM-IMS on Foundations of Data Science Conference}, publisher={ACM}, author={Tan, Sarah and Soloviev, Matvey and Hooker, Giles and Wells, Martin T.}, year={2020}, month=oct, collection={FODS ’20} }

@article{plumb2018model,
  title={Model agnostic supervised local explanations},
  author={Plumb, Gregory and Molitor, Denali and Talwalkar, Ameet S},
  journal={Advances in neural information processing systems},
  volume={31},
  year={2018}
}

@article{Stepisnik_2020, title={Option predictive clustering trees for multi-target regression}, volume={17}, ISSN={2406-1018}, url={http://dx.doi.org/10.2298/CSIS190928006S}, DOI={10.2298/csis190928006s}, number={2}, journal={Computer Science and Information Systems}, publisher={National Library of Serbia}, author={Stepisnik, Tomaz and Osojnik, Aljaz and Dzeroski, Saso and Kocev, Dragi}, year={2020}, pages={459–486} }

@article{Stepi_nik_2021, title={Oblique predictive clustering trees}, volume={227}, ISSN={0950-7051}, url={http://dx.doi.org/10.1016/j.knosys.2021.107228}, DOI={10.1016/j.knosys.2021.107228}, journal={Knowledge-Based Systems}, publisher={Elsevier BV}, author={Stepišnik, Tomaž and Kocev, Dragi}, year={2021}, month=sep, pages={107228} }

@article{Kocev_2013, title={Tree ensembles for predicting structured outputs}, volume={46}, ISSN={0031-3203}, url={http://dx.doi.org/10.1016/j.patcog.2012.09.023}, DOI={10.1016/j.patcog.2012.09.023}, number={3}, journal={Pattern Recognition}, publisher={Elsevier BV}, author={Kocev, Dragi and Vens, Celine and Struyf, Jan and Džeroski, Sašo}, year={2013}, month=mar, pages={817–833} }

@article{Andonovikj_2024, title={Survival analysis as semi-supervised multi-target regression for time-to-employment prediction using oblique predictive clustering trees}, volume={235}, ISSN={0957-4174}, url={http://dx.doi.org/10.1016/j.eswa.2023.121246}, DOI={10.1016/j.eswa.2023.121246}, journal={Expert Systems with Applications}, publisher={Elsevier BV}, author={Andonovikj, Viktor and Boškoski, Pavle and Džeroski, Sašo and Boshkoska, Biljana Mileva}, year={2024}, month=jan, pages={121246} }

@article{Blei_2017, title={Variational Inference: A Review for Statisticians}, volume={112}, ISSN={1537-274X}, url={http://dx.doi.org/10.1080/01621459.2017.1285773}, DOI={10.1080/01621459.2017.1285773}, number={518}, journal={Journal of the American Statistical Association}, publisher={Informa UK Limited}, author={Blei, David M. and Kucukelbir, Alp and McAuliffe, Jon D.}, year={2017}, month=apr, pages={859–877} }

@article{brentnall2018use,
	doi = {10.1177/0962280216680245},year = 2016,
	month = {dec},
	publisher = {{SAGE} Publications},
	volume = {27},
	number = {8},
	pages = {2359--2373},
	author = {Adam R Brentnall and Jack Cuzick},
	title = {Use of the concordance index for predictors of censored survival data},
	journal = {Stat Methods Med Res}
}

@article{gerds2006consistent,
	doi = {10.1002/bimj.200610301},year = 2006,
	month = {dec},
	publisher = {Wiley},
	volume = {48},
	number = {6},
	pages = {1029--1040},
	author = {Thomas A. Gerds and Martin Schumacher},
	title = {Consistent Estimation of the Expected Brier Score in General Survival Models with Right-Censored Event Times},
	journal = {Biom. J.}
}

@article{trickbrier,
  title={The Brier score under administrative censoring: problems and a solution},
  author={Kvamme, H{\aa}vard and Borgan, {\O}rnulf},
  journal={Journal of Machine Learning Research},
  volume={24},
  number={2},
  pages={1--26},
  year={2023}
}

@book{elstatl,
  title={The elements of statistical learning: data mining, inference, and prediction},
  author={Hastie, Trevor and Tibshirani, Robert and Friedman, Jerome H and Friedman, Jerome H},
  volume={2},
  year={2009},
  publisher={Springer}
}

@article{kingma2014adam,
  title={Adam: A method for stochastic optimization},
  author={Kingma, Diederik P and Ba, Jimmy},
  journal={arXiv preprint arXiv:1412.6980},
  year={2014}
}

@article{hoffman2013stochastic,
  title={Stochastic variational inference},
  author={Hoffman, Matthew D and Blei, David M and Wang, Chong and Paisley, John},
  journal={Journal of Machine Learning Research},
  year={2013}
}

@inproceedings{sashank2018convergence,
  title={On the convergence of adam and beyond},
  author={Sashank, J Reddi and Satyen, Kale and Sanjiv, Kumar},
  booktitle={International conference on learning representations},
  volume={5},
  number={7},
  year={2018}
}

@Manual{survival-package,
  title = {A Package for Survival Analysis in R},
  author = {Terry M. Therneau},
  year = {2017},
  url = {https://CRAN.R-project.org/package=survival},
  key = {survival-package}
}

